@book{lantz2015machine,
  title={Machine learning with R},
  author={Lantz, Brett},
  year={2015},
  publisher={Packt Publishing Ltd},
  URL = {http://www.packtpub.com/books/content/machine-learning-r}
}

@article{core2013r,
  title={R: a language and environment for statistical computing},
  author={Core Team, RCTR and others},
  journal={R Foundation for statistical computing, Vienna},
  year={2013}
}

@article{max2012caret,
  title={The caret package},
  author={Kuhn, Max},
  journal={R Foundation for Statistical Computing, Vienna, Austria.},
  URL = {https://cran.r-project.org/package= caret},
  year={2012},
  publisher={Citeseer}
}

@article{kuhn2017caret,
  title={A short introduction to the caret package},
  author={Kuhn, Max},
  journal={R Foundation for Statistical Computing, Vienna, Austria.},
  URL = {https://cran.r-project.org/web/packages/caret/vignettes/caret.pdf},
  year={2017},
  publisher={Citeseer}
}

@article{freeman1993algoritmos,
  title={Algoritmos aplicaciones y t{\'e}cnicas de propagaci{\'o}n},
  author={Freeman, JA and Skapura, DM},
  year={1993},
  publisher={Addison-Wesley}
}

@misc{github2016github,
  title={GitHub},
  author={Github, Inc},
  year={2016}
}
